<?xml version="1.0" encoding="UTF-8"?><record xmlns="http://www.loc.gov/MARC21/slim" xmlns:cinclude="http://apache.org/cocoon/include/1.0" xmlns:zs="http://www.loc.gov/zing/srw/">
  <leader>00408cz  a2200121n  4500</leader>
  <controlfield tag="001">n  87128071 </controlfield>
  <controlfield tag="003">DLC</controlfield>
  <controlfield tag="005">19890401071234.4</controlfield>
  <controlfield tag="008">870916n| acannaab|          |n aaa      </controlfield>
  <datafield tag="010" ind1=" " ind2=" ">
    <subfield code="a">n  87128071 </subfield>
  </datafield>
  <datafield tag="040" ind1=" " ind2=" ">
    <subfield code="a">DLC</subfield>
    <subfield code="c">DLC</subfield>
    <subfield code="d">DLC</subfield>
    <subfield code="d">NjP</subfield>
  </datafield>
  <datafield tag="100" ind1="1" ind2="0">
    <subfield code="a">Black, Sara H.</subfield>
    <subfield code="q">(Sara Harrington)</subfield>
  </datafield>
  <datafield tag="670" ind1=" " ind2=" ">
    <subfield code="a">nuc87-92984: Black, L.D. An officer and a ... c1985</subfield>
    <subfield code="b">(hdg. on NWM rept.: Black, Sara H. (Sara Harrington); usage: Sara H. Black)</subfield>
  </datafield>
</record>